<?xml version="1.0" encoding="UTF-8"?><collection xmlns="http://www.loc.gov/MARC21/slim"><record><leader>00609nam--2200217-u-4500</leader><controlfield tag="001">000050443</controlfield><controlfield tag="002">20161230</controlfield><controlfield tag="003">81844</controlfield><controlfield tag="005">20161230201048</controlfield><controlfield tag="008">070322s1000------------r-----000-0-eng-d</controlfield><datafield ind1=" " ind2=" " tag="020"><subfield code="a">0387953302</subfield></datafield><datafield ind1=" " ind2=" " tag="040"><subfield code="a">IFIN-HH</subfield></datafield><datafield ind1="1" ind2=" " tag="100"><subfield code="a">Bohm,Arno</subfield></datafield><datafield ind1="1" ind2="0" tag="245"><subfield code="a">Quantum Mechanics</subfield><subfield code="b">Foundations and Applications</subfield><subfield code="c">Arno Bohm</subfield></datafield><datafield ind1=" " ind2=" " tag="250"><subfield code="a">Third Edition, Revised and Enlarged</subfield></datafield><datafield ind1=" " ind2=" " tag="260"><subfield code="a">Berlin</subfield><subfield code="b">Springer-Verlag</subfield><subfield code="c">2001</subfield></datafield><datafield ind1=" " ind2=" " tag="300"><subfield code="a">688 p</subfield></datafield><datafield ind1=" " ind2=" " tag="490"><subfield code="a">Texts and Monographs in Physics</subfield></datafield><datafield ind1=" " ind2=" " tag="504"><subfield code="a">Includes Index. With 96 Illustrations</subfield></datafield><datafield ind1=" " ind2=" " tag="852"><subfield code="a">81844</subfield><subfield code="c">530.14</subfield></datafield><datafield ind1=" " ind2=" " tag="CAT"><subfield code="a">Sys</subfield><subfield code="c">20111108</subfield><subfield code="h">114159</subfield></datafield></record></collection>